%%%%%%%%%%%%%%%%% Fox Function #######################
@article{Kozumi:Kobayashi:2011,
  title={Gibbs sampling methods for Bayesian quantile regression},
  author={Kozumi, Hideo and Kobayashi, Genya},
  journal={Journal of statistical computation and simulation},
  volume={81},
  number={11},
  pages={1565--1578},
  year={2011},
  publisher={Taylor \& Francis}
}


@article{park2008bayesian,
  title={The bayesian lasso},
  author={Park, Trevor and Casella, George},
  journal={Journal of the American Statistical Association},
  volume={103},
  number={482},
  pages={681--686},
  year={2008},
  publisher={Taylor \& Francis}
}


@article{albert1993bayesian,
  title={Bayesian analysis of binary and polychotomous response data},
  author={Albert, James H and Chib, Siddhartha},
  journal={Journal of the American statistical Association},
  volume={88},
  number={422},
  pages={669--679},
  year={1993},
  publisher={Taylor \& Francis}
}

@article{MHN:Sun:Pal:Kong,
author = {Sun,  J.,  and Kong, M.,  and Pal, S.},
title = {The Modified-Half-Normal distribution: Properties and an efficient sampling scheme},
journal = {Communications in Statistics - Theory and Methods},
volume = {0},
number = {0},
pages = {1-23},
year  = {2021},
publisher = {Taylor & Francis},
doi = {10.1080/03610926.2021.1934700},

URL = { 
        https://doi.org/10.1080/03610926.2021.1934700
    
},
eprint = { 
        https://doi.org/10.1080/03610926.2021.1934700
    
}

}



% Fox Wright type function
@article{Fox:1928,
  title={The asymptotic expansion of generalized hypergeometric functions},
  author={Fox, C},
  journal={Proceedings of the London Mathematical Society},
  volume={2},
  number={1},
  pages={389--400},
  year={1928},
  publisher={Wiley Online Library}
}

@article{Lavault:2017,
  title={Fractional calculus and generalized Mittag-Leffler type functions},
  author={Lavault, Christian},
  journal={arXiv preprint arXiv:1703.01912},
  year={2017}
}


@book{Book:Gorenflo:2016,
  title={Mittag-Leffler functions, related topics and applications},
  author={Gorenflo, Rudolf and Kilbas, Anatoliui Aleksandrovich and Mainardi, Francesco and Rogosin, Sergei V and others},
  year={2016},
  publisher={Springer}
}


%%%%%%%%%%%%%%%%% Brownian Motion %%%%%%%%%%%%%%%%%%%
@article{williams1970decomposing,
  title={Decomposing the Brownian path},
  author={Williams, David},
  journal={Bulletin of the American Mathematical Society},
  volume={76},
  number={4},
  pages={871--873},
  year={1970}
}

@article{hamana2013probability,
  title={The probability distributions of the first hitting times of Bessel processes},
  author={Hamana, Yuji and Matsumoto, Hiroyuki},
  journal={Transactions of the American Mathematical Society},
  volume={365},
  number={10},
  pages={5237--5257},
  year={2013}
}
@article{williams1974path,
  title={Path Decomposition and Continuity of Local Time for One-Dimensional Diffusions, I},
  author={Williams, David},
  journal={Proceedings of the London Mathematical Society},
  volume={3},
  number={4},
  pages={738--768},
  year={1974},
  publisher={Wiley Online Library}
}
@article{williams1990brownian,
  title={Brownian motion and the Riemann zeta-function},
  author={Williams, David},
  journal={Disorder in physical systems},
  pages={361--372},
  year={1990}
}
@article{dynkin1965mathematics,
  title={Mathematics.(Book Reviews: Markov Processes. vols. 1 and 2; Diffusion Processes and Their Sample Paths)},
  author={Dynkin, EB and McKean Jr, Henry P},
  journal={Science},
  volume={150},
  pages={598},
  year={1965}
}
@article{kent1978some,
  title={Some probabilistic properties of Bessel functions},
  author={Kent, John},
  journal={The Annals of Probability},
  pages={760--770},
  year={1978},
  publisher={JSTOR}
}

@article{ciesielski1962first,
  title={First passage times and sojourn times for Brownian motion in space and the exact Hausdorff measure of the sample path},
  author={Ciesielski, Zbigniew and Taylor, SJ},
  journal={Transactions of the American Mathematical Society},
  volume={103},
  number={3},
  pages={434--450},
  year={1962},
  publisher={JSTOR}
}

%%%%%%%%%%%%%%%%%%%%%%%%%%%%%%%%%%%%%%%%%%%%%%%%%%%%%%



@book{Devroye:2013,
  title={Non-Uniform Random Variate Generation},
  author={Devroye, L.},
  isbn={9781461386438},
  lccn={86003783},
  series={SpringerLink : B{\"u}cher},
  url={https://books.google.com/books?id=9tLcBwAAQBAJ},
  year={2013},
  publisher={Springer New York}
}

@article{Rao:2016,
  title={Data augmentation for models based on rejection sampling},
  author={Rao, Vinayak and Lin, Lizhen and Dunson, David B},
  journal={Biometrika},
  volume={103},
  number={2},
  pages={319--335},
  year={2016},
  publisher={Oxford University Press}
}
@article{Walker:2011,
  title={Posterior sampling when the normalizing constant is unknown},
  author={Walker, Stephen G},
  journal={Communications in Statisticsâ€”Simulation and Computation{\textregistered}},
  volume={40},
  number={5},
  pages={784--792},
  year={2011},
  publisher={Taylor \& Francis}
}

@article{Polson:Scott:2013,
  title={Bayesian inference for logistic models using P{\'o}lya--Gamma latent variables},
  author={Polson, Nicholas G and Scott, James G and Windle, Jesse},
  journal={Journal of the American statistical Association},
  volume={108},
  number={504},
  pages={1339--1349},
  year={2013},
  publisher={Taylor \& Francis Group}
}

@article{Saptarshi:2017,
author = {Saptarshi Chakraborty and Kshitij Khare},
title = {{Convergence properties of Gibbs samplers for Bayesian probit regression with proper priors}},
volume = {11},
journal = {Electronic Journal of Statistics},
number = {1},
publisher = {Institute of Mathematical Statistics and Bernoulli Society},
pages = {177 -- 210},
keywords = {Bayesian probit model, binary regression, Data augmentation, geometric ergodicity, Markov chain Monte Carlo, proper normal prior, sandwich algorithms, trace class},
year = {2017},
doi = {10.1214/16-EJS1219},
URL = {https://doi.org/10.1214/16-EJS1219}
}


@article{choi2013polya,
  title={The Polya-Gamma Gibbs sampler for Bayesian logistic regression is uniformly ergodic},
  author={Choi, Hee Min and Hobert, James P},
  journal={Electronic Journal of Statistics},
  volume={7},
  pages={2054--2064},
  year={2013},
  publisher={Institute of Mathematical Statistics and Bernoulli Society}
}


@article{Khare:2011,
author = {Kshitij Khare and James P. Hobert},
title = {{Geometric ergodicity of the Bayesian lasso}},
volume = {7},
journal = {Electronic Journal of Statistics},
number = {none},
publisher = {Institute of Mathematical Statistics and Bernoulli Society},
pages = {2150 -- 2163},
keywords = {Bayesian lasso, convergence rate, geometric drift condition, Markov chain},
year = {2013},
doi = {10.1214/13-EJS841},
URL = {https://doi.org/10.1214/13-EJS841}
}



@article{hobert2011data,
  title={The data augmentation algorithm: Theory and methodology},
  author={Hobert, James P},
  journal={Handbook of Markov Chain Monte Carlo},
  pages={253--293},
  year={2011},
  publisher={Citeseer}
}

@article{van2001art,
  title={The art of data augmentation},
  author={Van Dyk, David A and Meng, Xiao-Li},
  journal={Journal of Computational and Graphical Statistics},
  volume={10},
  number={1},
  pages={1--50},
  year={2001},
  publisher={Taylor \& Francis}
}


@article{Guttorp:1988,
  title={Finding the location of a signal: A Bayesian analysis},
  author={Guttorp, Peter and Lockhart, Richard A},
  journal={Journal of the American Statistical Association},
  volume={83},
  number={402},
  pages={322--330},
  year={1988},
  publisher={Taylor \& Francis}
}

@article{Bagchi:Kadane:1991,
  title={Laplace approximations to posterior moments and marginal distributions on circles, spheres, and cylinders},
  author={Bagchi, Parthasarathy and Kadane, Joseph B},
  journal={Canadian Journal of Statistics},
  volume={19},
  number={1},
  pages={67--77},
  year={1991},
  publisher={Wiley Online Library}
}


@article{Bagchi:1988,
  title={Theoretical considerations of the multivariate von Mises-Fisher distribution},
  author={Bagchi, Parthasarathy and Guttman, Irwin},
  journal={Journal of Applied Statistics},
  volume={15},
  number={2},
  pages={149--169},
  year={1988},
  publisher={Taylor \& Francis}
}
%%%%%%%%%%%%############ Earlier Frequentest work in Directional data 


@book{Book:Freq:Fisher:1993,
  title={Statistical analysis of spherical data},
  author={Fisher, Nicholas I and Lewis, Toby and Embleton, Brian JJ},
  year={1993},
  publisher={Cambridge university press}
}

@article{Von:1918,
  title={Uber die'Ganzzahligkeit'der Atomgewicht und verwandte Fragen.},
  author={von Mises, Richard},
  journal={Phys. Z.},
  volume={19},
  pages={490--500},
  year={1918}
}
%Application
%%%%%%%%%%%%%%%%%%%%%%%%%%%%%%%%%%%%%%%%%%%%%%%
%%%%%%%%%%%%%%%%%%%%%%%%%%%%%%%%%%%%%%%%%%%%%%
%%%%%%%%%%%%%%%%%%%%%%%%%%%%%%%%%%%%%%%%%%%%%
%#######Application DTI%Application
%%%%%%%%%%%%%%%%%%%%%%%%%%%%%%%%%%%%%%%%%%%%%%%
%%%%%%%%%%%%%%%%%%%%%%%%%%%%%%%%%%%%%%%%%%%%%%
%%%%%%%%%%%%%%%%%%%%%%%%%%%%%%%%%%%%%%%%%%%%%
%#######Application DTI%Application
%%%%%%%%%%%%%%%%%%%%%%%%%%%%%%%%%%%%%%%%%%%%%%%
%%%%%%%%%%%%%%%%%%%%%%%%%%%%%%%%%%%%%%%%%%%%%%
%%%%%%%%%%%%%%%%%%%%%%%%%%%%%%%%%%%%%%%%%%%%%
%#######Application DTI
%Application
%%%%%%%%%%%%%%%%%%%%%%%%%%%%%%%%%%%%%%%%%%%%%%%
%%%%%%%%%%%%%%%%%%%%%%%%%%%%%%%%%%%%%%%%%%%%%%
%%%%%%%%%%%%%%%%%%%%%%%%%%%%%%%%%%%%%%%%%%%%%
%#######Application DTI
@article{Satterthwaite:2014,
  title={Neuroimaging of the Philadelphia neurodevelopmental cohort},
  author={Satterthwaite, Theodore D and Elliott, Mark A and Ruparel, Kosha and Loughead, James and Prabhakaran, Karthik and Calkins, Monica E and Hopson, Ryan and Jackson, Chad and Keefe, Jack and Riley, Marisa and others},
  journal={Neuroimage},
  volume={86},
  pages={544--553},
  year={2014},
  publisher={Elsevier}
}

@article{Guy:2004,
  title={Non-invasive mapping of connections between human thalamus and cortex using diffusion imaging},
  author={Guy M Mckhann, II},
  journal={Neurosurgery},
  volume={54},
  number={1},
  year={2004},
  publisher={LWW}
}

@article{Lazar:2005,
  title={Bootstrap white matter tractography (BOOT-TRAC)},
  author={Lazar, Mariana and Alexander, Andrew L},
  journal={NeuroImage},
  volume={24},
  number={2},
  pages={524--532},
  year={2005},
  publisher={Elsevier}
}

@article{Catani:2002,
  title={Virtual in vivo interactive dissection of white matter fasciculi in the human brain},
  author={Catani, Marco and Howard, Robert J and Pajevic, Sinisa and Jones, Derek K},
  journal={Neuroimage},
  volume={17},
  number={1},
  pages={77--94},
  year={2002},
  publisher={Elsevier}
}

@inproceedings{Mcgraw:2006,
  title={Segmentation of high angular resolution diffusion MRI modeled as a field of von Mises-Fisher mixtures},
  author={McGraw, Tim and Vemuri, Baba and Yezierski, Robert and Mareci, Thomas},
  booktitle={European Conference on Computer Vision},
  pages={463--475},
  year={2006},
  organization={Springer}
}


@article{Mori:2006,
  title={Principles of diffusion tensor imaging and its applications to basic neuroscience research},
  author={Mori, Susumu and Zhang, Jiangyang},
  journal={Neuron},
  volume={51},
  number={5},
  pages={527--539},
  year={2006},
  publisher={Elsevier}
}


@article{Basser:1994,
  title={MR diffusion tensor spectroscopy and imaging},
  author={Basser, Peter J and Mattiello, James and LeBihan, Denis},
  journal={Biophysical journal},
  volume={66},
  number={1},
  pages={259--267},
  year={1994},
  publisher={Elsevier}
}

@article{Basser:2002,
  title={Diffusion-tensor MRI: theory, experimental design and data analysis--a technical review},
  author={Basser, Peter J and Jones, Derek K},
  journal={NMR in Biomedicine},
  volume={15},
  number={7-8},
  pages={456--467},
  year={2002},
  publisher={Wiley Online Library}
}

@article{Application:Astro:Mardia:1982,
  title={Weighted distributions and rotating caps},
  author={Mardia, KV and Edwards, R},
  journal={Biometrika},
  volume={69},
  number={2},
  pages={323--330},
  year={1982},
  publisher={Oxford University Press}
}

@article{Application:DTI:ferreira:2013,
  title={Computational representation of white matter fiber orientations},
  author={Ferreira da Silva, Adelino R},
  journal={Journal of Biomedical Imaging},
  volume={2013},
  pages={15},
  year={2013},
  publisher={Hindawi Publishing Corp.}
}

@article{Application:DTI:Rathi:2009,
  title={Directional functions for orientation distribution estimation},
  author={Rathi, Yogesh and Michailovich, Oleg and Shenton, Martha E and Bouix, Sylvain},
  journal={Medical image analysis},
  volume={13},
  number={3},
  pages={432--444},
  year={2009},
  publisher={Elsevier}
  }



@article{Application:BIo:Mardia:2007,
  title={Protein bioinformatics and mixtures of bivariate von Mises distributions for angular data},
  author={Mardia, Kanti V and Taylor, Charles C and Subramaniam, Ganesh K},
  journal={Biometrics},
  volume={63},
  number={2},
  pages={505--512},
  year={2007},
  publisher={Wiley Online Library}
}



@article{Application:Chem:Lennox:2009,
  title={Density estimation for protein conformation angles using a bivariate von Mises distribution and Bayesian nonparametrics},
  author={Lennox, Kristin P and Dahl, David B and Vannucci, Marina and Tsai, Jerry W},
  journal={Journal of the American Statistical Association},
  volume={104},
  number={486},
  pages={586--596},
  year={2009},
  publisher={Taylor \& Francis}
}


@article{Application:Astro:Denton:2017,
  title={The galactic contribution to IceCube's astrophysical neutrino flux},
  author={Denton, Peter B and Marfatia, Danny and Weiler, Thomas J},
  journal={Journal of Cosmology and Astroparticle Physics},
  volume={2017},
  number={08},
  pages={033},
  year={2017},
  publisher={IOP Publishing}
}

@article{Application:quantum:schultz:2016,
  title={Orientation Statistics and Quantum Information},
  author={Schultz, Kevin},
  journal={arXiv preprint arXiv:1609.08074},
  year={2016}
}


@article{Application:Fingerprint:zhu:2007,
  title={Statistical models for assessing the individuality of fingerprints},
  author={Zhu, Yongfang and Dass, Sarat C and Jain, Anil K},
  journal={IEEE Transactions on Information Forensics and Security},
  volume={2},
  number={3},
  pages={391--401},
  year={2007},
  publisher={IEEE}
}


@article{Application:PoliticalSc:Gill:2010,
  title={Circular data in political science and how to handle it},
  author={Gill, Jeff and Hangartner, Dominik},
  journal={Political Analysis},
  volume={18},
  number={3},
  pages={316--336},
  year={2010},
  publisher={Oxford University Press}
}


@book{Jammalamadaka:2001,
  title={Topics in circular statistics},
  author={Jammalamadaka, S Rao and Sengupta, Ambar},
  volume={5},
  year={2001},
  publisher={World Scientific}
}

@article{Application:misc:sengupta:2011,
  title={A classification method for directional data with application to the human skull},
  author={Sengupta, Ashis and Ugwuowo, Fidelis I},
  journal={Communications in Statisticsâ€”Theory and Methods},
  volume={40},
  number={3},
  pages={457--466},
  year={2011},
  publisher={Taylor \& Francis}
}

@article{Application:Ecology,
    author = {Shimatani, Ichiro Ken AND Yoda, Ken AND Katsumata, Nobuhiro AND Sato, Katsufumi},
    journal = {PLOS ONE},
    publisher = {Public Library of Science},
    title = {Toward the Quantification of a Conceptual Framework for Movement Ecology Using Circular Statistical Modeling},
    year = {2012},
    month = {11},
    volume = {7},
    url = {https://doi.org/10.1371/journal.pone.0050309},
    pages = {1-13},
    number = {11},
    doi = {10.1371/journal.pone.0050309}
}


@article{Application:SeaTurtle:Lohmann1994,
  title={Acquisition of magnetic directional preference in hatchling loggerhead sea turtles},
  author={Lohmann, K and Lohmann, C},
  journal={Journal of Experimental Biology},
  volume={190},
  number={1},
  pages={1--8},
  year={1994},
  publisher={The Company of Biologists Ltd}
}


@incollection{Application:BirdMIgration:Daniel:1965,
title = "Current Problems in Bird Orientation",
editor = "Daniel S. Lehrman and Robert A. Hinde and Evelyn Shaw",
series = "Advances in the Study of Behavior",
publisher = "Academic Press",
volume = "1",
pages = "217 - 278",
year = "1965",
issn = "0065-3454",
doi = "https://doi.org/10.1016/S0065-3454(08)60059-5",
url = "http://www.sciencedirect.com/science/article/pii/S0065345408600595",
author = "Klaus Schmidt-Koenig"
}

@article{Application:OceanSci:vega:2009,
  title={Modelling mean wave direction distribution with the von Mises model},
  author={Vega, JL and Rodr{\'\i}guez, G},
  journal={WIT Transactions on Ecology and the Environment},
  volume={126},
  pages={3--14},
  year={2009},
  publisher={WIT Press}
}

@article{Application:Geology:kirkwood:1998,
  title={Combining Estimates of Tectonic Plate Rotations:: An Extension of Welch's Method to Spherical Regression},
  author={Kirkwood, Bessie H and Chang, Ted},
  journal={Journal of multivariate analysis},
  volume={65},
  number={1},
  pages={71--108},
  year={1998},
  publisher={Elsevier}
}


@article{Application:Geology:lark:2014,
  title={Modelling complex geological circular data with the projected normal distribution and mixtures of von Mises distributions},
  author={Lark, RM and Clifford, D and Waters, CN},
  journal={Solid Earth},
  volume={5},
  number={2},
  pages={631},
  year={2014},
  publisher={Copernicus GmbH}
}


@book{Application:schuenemeyer:directional,
  title={Directional data analysis},
  author={Schuenemeyer, John H},
  booktitle={Spatial Statistics and Models},
  pages={253--270},
  year={1984},
  publisher={Springer}
}

@book{Application:breckling:2012,
  title={The analysis of directional time series: applications to wind speed and direction},
  author={Breckling, Jens},
  volume={61},
  year={2012},
  publisher={Springer Science \& Business Media}
}

@article{Taghia:2014,
  title={Bayesian estimation of the von-Mises Fisher mixture model with variational inference},
  author={Taghia, Jalil and Ma, Zhanyu and Leijon, Arne},
  journal={IEEE transactions on pattern analysis and machine intelligence},
  volume={36},
  number={9},
  pages={1701--1715},
  year={2014},
  publisher={IEEE}
}
%Application
%%%%%%%%%%%%%%%%%%%%%%%%%%%%%%%%%%%%%%%%%%%%%
%%%%%%%%%%%%%%%%%%%%%%%%%%%%%%%%%%%%%%%%%%%%%%
%%%%%%%%%%%%%%%%%%%%%%%%%%%%%%%%%%%%%%%%%%%%%%%

@article{Segura:2011,
title = "Bounds for ratios of modified Bessel functions and associated TurÃ¡n-type inequalities",
journal = "Journal of Mathematical Analysis and Applications",
volume = "374",
number = "2",
pages = "516 - 528",
year = "2011",
issn = "0022-247X",
doi = "https://doi.org/10.1016/j.jmaa.2010.09.030",
url = "http://www.sciencedirect.com/science/article/pii/S0022247X10007742",
author = "Javier Segura",
keywords = "Modified Bessel functions, Riccati equation, Bounds, TurÃ¡n-type inequalities, Condition numbers"
}



@book{Watson:1983,
  title={Statistics on spheres},
  author={Watson, Geoffrey S},
  volume={6},
  year={1983},
  publisher={Wiley-Interscience}
}

@book{Mardia:book:2014,
  title={Statistics of directional data},
  author={Mardia, Kantilal Varichand},
  year={2014},
  publisher={Academic press}
}


@article{Mardia:1976,
  title={Bayesian inference for the von Mises-Fisher distribution},
  author={Mardia, Kanti V and El-Atoum, SAM},
  journal={Biometrika},
  volume={63},
  number={1},
  pages={203--206},
  year={1976},
  publisher={Oxford University Press}
}


@article{Wang:2013:ProjectedNormal,
  title={Directional data analysis under the general projected normal distribution},
  author={Wang, Fangpo and Gelfand, Alan E},
  journal={Statistical methodology},
  volume={10},
  number={1},
  pages={113--127},
  year={2013},
  publisher={Elsevier}
}




@article{Nunez:2005,
  title={A Bayesian analysis of directional data using the von Mises--Fisher distribution},
  author={Nunez-Antonio, Gabriel and Guti{\'e}rrez-Pena, Eduardo},
  journal={Communications in Statisticsâ€”Simulation and Computation{\textregistered}},
  volume={34},
  number={4},
  pages={989--999},
  year={2005},
  publisher={Taylor \& Francis}
}

@article{Damien:Walker:1999,
  title={A full Bayesian analysis of circular data using the von Mises distribution},
  author={Damien, Paul and Walker, Stephen},
  journal={Canadian Journal of Statistics},
  volume={27},
  number={2},
  pages={291--298},
  year={1999},
  publisher={Wiley Online Library}
}



@book{Ineq:Steele:2004,
 author = {Steele, J. Michael},
 title = {The Cauchy-Schwarz Master Class: An Introduction to the Art of Mathematical Inequalities},
 year = {2004},
 isbn = {052154677X},
 publisher = {Cambridge University Press},
 address = {New York, NY, USA},
} 


@book{Borodin2012:Handbook,
  title={Handbook of Brownian motion-facts and formulae},
  author={Borodin, Andrei N and Salminen, Paavo},
  year={2012},
  publisher={Birkh{\"a}user}
}

@article{Newton:Raftery:1994,
 ISSN = {00359246},
 URL = {http://www.jstor.org/stable/2346025},
 author = {Michael A. Newton and Adrian E. Raftery},
 journal = {Journal of the Royal Statistical Society. Series B (Methodological)},
 number = {1},
 pages = {3-48},
 publisher = {[Royal Statistical Society, Wiley]},
 title = {Approximate Bayesian Inference with the Weighted Likelihood Bootstrap},
 volume = {56},
 year = {1994}
}

@article{Rao:2016,
  title={Data augmentation for models based on rejection sampling},
  author={Rao, Vinayak and Lin, Lizhen and Dunson, David B},
  journal={Biometrika},
  volume={103},
  number={2},
  pages={319--335},
  year={2016},
  publisher={Oxford University Press}
}

@article{Gross:1989,
  title={Total positivity, spherical series, and hypergeometric functions of matrix argument},
  author={Gross, Kenneth I and Richards, Donald St P},
  journal={Journal of Approximation theory},
  volume={59},
  number={2},
  pages={224--246},
  year={1989},
  publisher={Elsevier}
}

@article{Downs:1971,
  title={Statistical methods for vectorcardiogram orientations},
  author={Downs, TD and Liebman, Jerome and Mackay, Wilma},
  journal={Vectorcardiography},
  volume={2},
  pages={216--222},
  year={1971}
}


@article{Frank:1956,
  title={An accurate, clinically practical system for spatial vectorcardiography},
  author={Frank, Ernest},
  journal={circulation},
  volume={13},
  number={5},
  pages={737--749},
  year={1956},
  publisher={Am Heart Assoc}
}

@book{Book:Billingsley:1995,
  title={Probability and Measure},
  author={Billingsley, P.},
  isbn={9780471007104},
  lccn={gb95051456},
  series={Wiley Series in Probability and Statistics},
  url={https://books.google.com/books?id=z39jQgAACAAJ},
  year={1995},
  publisher={Wiley}
}

@article{Sei:2013,
title = "Properties and applications of Fisher distribution on the rotation group",
journal = "Journal of Multivariate Analysis",
volume = "116",
number = "Supplement C",
pages = "440 - 455",
year = "2013",
issn = "0047-259X",
doi = "https://doi.org/10.1016/j.jmva.2013.01.010",
url = "http://www.sciencedirect.com/science/article/pii/S0047259X13000110",
author = "Tomonari Sei and Hiroki Shibata and Akimichi Takemura and Katsuyoshi Ohara and Nobuki Takayama",
keywords = "Algebraic statistics, Directional statistics, Holonomic gradient descent, Maximum likelihood estimation, Rotation group"
}
@article{Ifantis:1990,
title = "Inequalities involving Bessel and modified Bessel functions",
journal = "Journal of Mathematical Analysis and Applications",
volume = "147",
number = "1",
pages = "214 - 227",
year = "1990",
issn = "0022-247X",
doi = "https://doi.org/10.1016/0022-247X(90)90394-U",
url = "http://www.sciencedirect.com/science/article/pii/0022247X9090394U",
author = "E.K. Ifantis and P.D. Siafarikas"
}

@article{Mackey:2014,
author = "Mackey, Lester and Jordan, Michael I. and Chen, Richard Y. and Farrell, Brendan and Tropp, Joel A.",
doi = "10.1214/13-AOP892",
fjournal = "The Annals of Probability",
journal = "Ann. Probab.",
month = "05",
number = "3",
pages = "906--945",
publisher = "The Institute of Mathematical Statistics",
title = "Matrix concentration inequalities via the method of exchangeable pairs",
url = "https://doi.org/10.1214/13-AOP892",
volume = "42",
year = "2014"
}



@Article{Tropp:2012,
author="Tropp, Joel A.",
title="User-Friendly Tail Bounds for Sums of Random Matrices",
journal="Foundations of Computational Mathematics",
year="2012",
month="Aug",
day="01",
volume="12",
number="4",
pages="389--434",
abstract="This paper presents new probability inequalities for sums of independent, random, self-adjoint matrices. These results place simple and easily verifiable hypotheses on the summands, and they deliver strong conclusions about the large-deviation behavior of the maximum eigenvalue of the sum. Tail bounds for the norm of a sum of random rectangular matrices follow as an immediate corollary. The proof techniques also yield some information about matrix-valued martingales.",
issn="1615-3383",
doi="10.1007/s10208-011-9099-z",
url="https://doi.org/10.1007/s10208-011-9099-z"
}



@article{Khare:2017,
  title={A bayesian approach for envelope models},
  author={Khare, Kshitij and Pal, Subhadip and Su, Zhihua and others},
  journal={The Annals of Statistics},
  volume={45},
  number={1},
  pages={196--222},
  year={2017},
  publisher={Institute of Mathematical Statistics}
}

@article{Hofmann:1998,
  title={Statistical models for co-occurrence data},
  author={Hofmann, Thomas and Puzicha, Jan},
  year={1998}
}

@article{Woolrich:2009,
  title={Bayesian analysis of neuroimaging data in FSL},
  author={Woolrich, Mark W and Jbabdi, Saad and Patenaude, Brian and Chappell, Michael and Makni, Salima and Behrens, Timothy and Beckmann, Christian and Jenkinson, Mark and Smith, Stephen M},
  journal={Neuroimage},
  volume={45},
  number={1},
  pages={S173--S186},
  year={2009},
  publisher={Elsevier}
}

@article{Hughes:1985,
  title={The position of earth at previous apparitions of Halley's comet},
  author={Hughes, David W},
  journal={Quarterly Journal of the Royal Astronomical Society},
  volume={26},
  pages={513--520},
  year={1985}
}

@article{Cowles:1996,
  title={Markov chain Monte Carlo convergence diagnostics: a comparative review},
  author={Cowles, Mary Kathryn and Carlin, Bradley P},
  journal={Journal of the American Statistical Association},
  volume={91},
  number={434},
  pages={883--904},
  year={1996},
  publisher={Taylor \& Francis}
}

@article{Conway:1990,
  title={A $\{$Course$\}$ in $\{$Functional$\}$$\{$Analysis$\}$},
  author={Conway, JB},
  year={1990},
  publisher={Springer-Verlag}
}

@article{Kristof:1969,
  title={A theorem on the trace of certain matrix products and some applications},
  author={Kristof, Walter},
  journal={ETS Research Report Series},
  volume={1969},
  number={1},
  year={1969},
  publisher={Wiley Online Library}
}

@article{Edelman:1998,
  title={The geometry of algorithms with orthogonality constraints},
  author={Edelman, Alan and Arias, Tom{\'a}s A and Smith, Steven T},
  journal={SIAM journal on Matrix Analysis and Applications},
  volume={20},
  number={2},
  pages={303--353},
  year={1998},
  publisher={SIAM}
}

@article{Wright1999,
  title={Numerical optimization},
  author={Wright, Stephen J and Nocedal, Jorge},
  journal={Springer Science},
  volume={35},
  number={67-68},
  pages={7},
  year={1999}
}

@article{Rubin:1988,
  title={Using the SIR algorithm to simulate posterior distributions},
  author={Rubin, Donald B},
  journal={Bayesian statistics},
  volume={3},
  pages={395--402},
  year={1988},
  publisher={Oxford University Press}
}


@book{Gelman:2014,
  title={Bayesian data analysis},
  author={Gelman, Andrew and Carlin, John B and Stern, Hal S and Dunson, David B and Vehtari, Aki and Rubin, Donald B},
  volume={2},
  year={2014},
  publisher={CRC press Boca Raton, FL}
}





@book{Hardy:1952,
  title={Inequalities},
  author={Hardy, Godfrey Harold and Littlewood, John Edensor and P{\'o}lya, George},
  year={1952},
  publisher={Cambridge university press}
}


@book{Muirhead:2009,
  title={Aspects of multivariate statistical theory},
  author={Muirhead, Robb J},
  volume={197},
  year={2009},
  publisher={John Wiley \& Sons}
}

@article{Hu:2010,
  title={Two new inequalities for Gaussian and gamma distributions},
  author={Hu, Xiao-Li},
  journal={Journal of mathematical inequalities},
  volume={4},
  number={4},
  pages={609--613},
  year={2010}
}


@book{Book:Gelman:Rubin:2003,
    author = {Gelman, Andrew and Carlin, John B. and Stern, Hal S. and Rubin, Donald B.},
    day = {29},
    edition = {2},
    howpublished = {Hardcover},
    isbn = {158488388X},
    keywords = {bayesian, book, chr, loan, probabilisticmodeling},
    posted-at = {2006-01-20 20:01:54},
    priority = {3},
    publisher = {Chapman and Hall/CRC},
    title = {{Bayesian Data Analysis, Second Edition (Chapman \& Hall/CRC Texts in Statistical Science)}},
    year = {2003}
}



@article{Healy:1996,
  title={An empirical Bayes approach to directional data and efficient computation on the sphere},
  author={Healy, Dennis M and Kim, Peter T and others},
  journal={The Annals of Statistics},
  volume={24},
  number={1},
  pages={232--254},
  year={1996},
  publisher={Institute of Mathematical Statistics}
}

@article{Mardia:1975,
  title={Statistics of directional data},
  author={Mardia, Kanti V},
  journal={Journal of the Royal Statistical Society. Series B (Methodological)},
  pages={349--393},
  year={1975},
  publisher={JSTOR}
}


@article{Jupp:Mardia:1989,
  title={A unified view of the theory of directional statistics, 1975-1988},
  author={Jupp, PE and Mardia, KV},
  journal={International Statistical Review/Revue Internationale de Statistique},
  pages={261--294},
  year={1989},
  publisher={JSTOR}
}



@book{Mardia:2009,
  title={Directional statistics},
  author={Mardia, Kanti V and Jupp, Peter E},
  volume={494},
  year={2009},
  publisher={John Wiley \& Sons}
}




@Article{Hornik:2013,
author = "Hornik, K and Gr{\"u}n, B",
title = {On conjugate families and Jeffreys priors for von Mises-Fisher distributions},
abstract = {This paper discusses characteristics of standard conjugate priors and their induced posteriors in Bayesian inference for von Mises-Fisher distributions, using either the canonical natural exponential family or the more commonly employed polar coordinate parameterizations. We analyze when standard conjugate priors as well as posteriors are proper, and investigate the Jeffreys prior for the von Mises-Fisher family. Finally, we characterize the proper distributions in the standard conjugate family of the (matrix-valued) von Mises-Fisher distributions on Stiefel manifolds.},
journal = "J Stat Plan Inference",
year = "2013",
volume = "143",
number = "5",
pages = "992-999",
month = "May",
pmid = "23805026",
url = "http://www.ncbi.nlm.nih.gov/pmc/articles/PMC3690539/",
doi = "10.1016/j.jspi.2012.11.003"
}

@article{Biane:2001,
  title={Probability laws related to the Jacobi theta and Riemann zeta functions, and Brownian excursions},
  author={Biane, Philippe and Pitman, Jim and Yor, Marc},
  journal={Bulletin of the American Mathematical Society},
  volume={38},
  number={4},
  pages={435--465},
  year={2001}
}



@article{Pal:Gaskins:2022,
  title={Modified P{\'o}lya-Gamma Data Augmentation  for Bayesian Analysis of Directional Data},
  author={Subhadip Pal and Jeremy Gaskins},
  journal={Journal of Statistical Computation and Simulation},
  volume={},
  number={},
  pages={},
  year={2022}
}





@article{Application:astronomy,
author = {Budavari, Tamas and Loredo, Thomas J.},
title = {Probabilistic Record Linkage in Astronomy: Directional Cross-Identification and Beyond},
journal = {Annual Review of Statistics and Its Application},
volume = {2},
number = {1},
pages = {113-139},
year = {2015},
doi = {10.1146/annurev-statistics-010814-020231},

URL = { 
        https://doi.org/10.1146/annurev-statistics-010814-020231
    
},
eprint = { 
        https://doi.org/10.1146/annurev-statistics-010814-020231
    
}
,
    abstract = { Modern astronomy increasingly relies upon systematic surveys, whose dedicated telescopes continuously observe the sky across varied wavelength ranges of the electromagnetic spectrum; some surveys also observe nonelectromagnetic messengers, such as high-energy particles or gravitational waves. Stars and galaxies look different through the eyes of different instruments, and their independent measurements have to be carefully combined to provide a complete, sound picture of the multicolor and eventful universe. The association of an object's independent detections is, however, a difficult problem scientifically, computationally, and statistically, raising varied challenges across diverse astronomical applications. The fundamental problem is finding records in survey databases with directions that match to within the direction uncertainties. Such astronomical versions of the record linkage problem are known by various terms in astronomy: cross-matching; cross-identification; and directional, positional, or spatiotemporal coincidence assessment. Astronomers have developed several statistical approaches for such problems, largely independent of related developments in other disciplines. Here, we review emerging approaches that compute (Bayesian) probabilities for the hypotheses of interest: possible associations or demographic properties of a cosmic population that depend on identifying associations. Many cross-identification tasks can be formulated within a hierarchical Bayesian partition model framework, with components that explicitly account for astrophysical effects (e.g., source brightness versus wavelength, source motion, or source extent), selection effects, and measurement error. We survey recent developments and highlight important open areas for future research. }
}
